{
  "leader": "01568cam a22003731i 4500",
  "fields": [
    {
      "001": "ocm00412056\\"
    },
    {
      "003": "OCoLC"
    },
    {
      "005": "20230103122302.0"
    },
    {
      "008": "720921s1950\\\\\\\\nyua\\\\\\\\\\\\\\\\\\\\000\\0\\eng\\\\"
    },
    {
      "010": {
        "ind1": "\\",
        "ind2": "\\",
        "subfields": [
          {
            "a": "   50008442 "
          }
        ]
      }
    },
    {
      "040": {
        "ind1": "\\",
        "ind2": "\\",
        "subfields": [
          {
            "a": "DLC"
          },
          {
            "b": "eng"
          },
          {
            "c": "DLC"
          },
          {
            "d": "HIR"
          },
          {
            "d": "DGU"
          },
          {
            "d": "IUL"
          },
          {
            "d": "NOC"
          },
          {
            "d": "NZ1"
          },
          {
            "d": "DRB"
          },
          {
            "d": "AU@"
          },
          {
            "d": "DEBBG"
          },
          {
            "d": "UKMGB"
          },
          {
            "d": "OCLCF"
          },
          {
            "d": "OCLCO"
          },
          {
            "d": "OCL"
          },
          {
            "d": "OCLCQ"
          },
          {
            "d": "OCL"
          },
          {
            "d": "OCLCQ"
          },
          {
            "d": "NGA"
          },
          {
            "d": "OCLCO"
          },
          {
            "d": "OCLCQ"
          },
          {
            "d": "OCLCO"
          },
          {
            "d": "DHA"
          },
          {
            "d": "WRS"
          },
          {
            "d": "OCLCQ"
          },
          {
            "d": "OCLCA"
          },
          {
            "d": "OCL"
          },
          {
            "d": "OCLCO"
          },
          {
            "d": "J9U"
          }
        ]
      }
    },
    {
      "016": {
        "ind1": "7",
        "ind2": "\\",
        "subfields": [
          {
            "a": "003156682"
          },
          {
            "2": "Uk"
          }
        ]
      }
    },
    {
      "019": {
        "ind1": "\\",
        "ind2": "\\",
        "subfields": [
          {
            "a": "1008043235"
          }
        ]
      }
    },
    {
      "035": {
        "ind1": "\\",
        "ind2": "\\",
        "subfields": [
          {
            "a": "(OCoLC)412056"
          },
          {
            "z": "(OCoLC)1008043235"
          }
        ]
      }
    },
    {
      "042": {
        "ind1": "\\",
        "ind2": "\\",
        "subfields": [
          {
            "a": "premarc"
          }
        ]
      }
    },
    {
      "050": {
        "ind1": "\\",
        "ind2": "4",
        "subfields": [
          {
            "a": "N6492.2"
          },
          {
            "b": ".R67 1950"
          }
        ]
      }
    },
    {
      "082": {
        "ind1": "0",
        "ind2": "4",
        "subfields": [
          {
            "a": "709.4"
          },
          {
            "b": "ROR"
          }
        ]
      }
    },
    {
      "100": {
        "ind1": "1",
        "ind2": "\\",
        "subfields": [
          {
            "a": "Rorimer, James J."
          },
          {
            "q": "(James Joseph),"
          },
          {
            "d": "1905-1966."
          }
        ]
      }
    },
    {
      "245": {
        "ind1": "1",
        "ind2": "0",
        "subfields": [
          {
            "a": "Survival :"
          },
          {
            "b": "the salvage and protection of art in war /"
          },
          {
            "c": "[by] James J. Rorimer, in collaboration with Gilbert Rabin."
          }
        ]
      }
    },
    {
      "260": {
        "ind1": "\\",
        "ind2": "\\",
        "subfields": [
          {
            "a": "New York :"
          },
          {
            "b": "Abelard Press,"
          },
          {
            "c": "[1950]"
          }
        ]
      }
    },
    {
      "300": {
        "ind1": "\\",
        "ind2": "\\",
        "subfields": [
          {
            "a": "xi, 291 pages :"
          },
          {
            "b": "illustrations, portraits ;"
          },
          {
            "c": "23 cm"
          }
        ]
      }
    },
    {
      "336": {
        "ind1": "\\",
        "ind2": "\\",
        "subfields": [
          {
            "a": "text"
          },
          {
            "b": "txt"
          },
          {
            "2": "rdacontent"
          }
        ]
      }
    },
    {
      "337": {
        "ind1": "\\",
        "ind2": "\\",
        "subfields": [
          {
            "a": "unmediated"
          },
          {
            "b": "n"
          },
          {
            "2": "rdamedia"
          }
        ]
      }
    },
    {
      "338": {
        "ind1": "\\",
        "ind2": "\\",
        "subfields": [
          {
            "a": "volume"
          },
          {
            "b": "nc"
          },
          {
            "2": "rdacarrier"
          }
        ]
      }
    },
    {
      "650": {
        "ind1": "\\",
        "ind2": "0",
        "subfields": [
          {
            "a": "World War, 1939-1945"
          },
          {
            "v": "Art and the war."
          }
        ]
      }
    },
    {
      "650": {
        "ind1": "\\",
        "ind2": "0",
        "subfields": [
          {
            "a": "World War, 1939-1945"
          },
          {
            "x": "Confiscations and contributions."
          }
        ]
      }
    },
    {
      "650": {
        "ind1": "\\",
        "ind2": "7",
        "subfields": [
          {
            "a": "Confiscations."
          },
          {
            "2": "fast"
          },
          {
            "0": "(OCoLC)fst00874759"
          }
        ]
      }
    },
    {
      "647": {
        "ind1": "\\",
        "ind2": "7",
        "subfields": [
          {
            "a": "World War"
          },
          {
            "d": "(1939-1945)"
          },
          {
            "2": "fast"
          },
          {
            "0": "(OCoLC)fst01180924"
          }
        ]
      }
    },
    {
      "648": {
        "ind1": "\\",
        "ind2": "7",
        "subfields": [
          {
            "a": "1939-1945"
          },
          {
            "2": "fast"
          }
        ]
      }
    },
    {
      "655": {
        "ind1": "\\",
        "ind2": "7",
        "subfields": [
          {
            "a": "Art."
          },
          {
            "2": "fast"
          },
          {
            "0": "(OCoLC)fst01423702"
          }
        ]
      }
    },
    {
      "776": {
        "ind1": "0",
        "ind2": "8",
        "subfields": [
          {
            "i": "Online version:"
          },
          {
            "a": "Rorimer, James J. (James Joseph), 1905-1966."
          },
          {
            "t": "Survival."
          },
          {
            "d": "New York, Abelard Press, [1950]"
          },
          {
            "w": "(OCoLC)654135316"
          }
        ]
      }
    },
    {
      "994": {
        "ind1": "\\",
        "ind2": "\\",
        "subfields": [
          {
            "a": "Z0"
          },
          {
            "b": "NYRVC"
          }
        ]
      }
    },
    {
      "948": {
        "ind1": "\\",
        "ind2": "\\",
        "subfields": [
          {
            "h": "NO HOLDINGS IN NYRVC - 181 OTHER HOLDINGS"
          }
        ]
      }
    },
    {
      "999": {
        "ind1": "\\",
        "ind2": "\\",
        "subfields": [
          {
            "a": "00000000011533"
          }
        ]
      }
    }
  ]
}